@article{bolya2023tomesd,
  title={{Token Merging for Fast Stable Diffusion}},
  author={Bolya, Daniel and Hoffman, Judy},
  journal={CVPR Workshop on Efficient Deep Learning for Computer Vision},
  year={2023}
}

@misc{Seitzer2020FID,
  author={Maximilian Seitzer},
  title={{pytorch-fid: FID Score for PyTorch}},
  month={August},
  year={2020},
  note={Version 0.3.0},
  howpublished={\url{https://github.com/mseitzer/pytorch-fid}}
}
